% Encoding: UTF-8

@Misc{Klauck2021,
  author = {Christoph Klauck},
  title  = {AD Aufgabe HA},
  year   = {2021},
  file   = {:/Users/krisschaaf/ownCloud/_AD_KLCK/Hausarbeit/AD_Aufgabe_HA.pdf:PDF},
}

@Comment{jabref-meta: databaseType:bibtex;}
