%% This BibTeX bibliography file was created using BibDesk.
%% https://bibdesk.sourceforge.io/

%% Created for Kristoffer Schaaf at 2021-12-29 14:36:34 +0100 


%% Saved with string encoding Unicode (UTF-8) 


@comment{jabref-meta: databaseType:bibtex;}

@misc{HBQfehler,
	author = {Christoph Klauck},
	date-added = {2021-12-29 14:36:03 +0100},
	date-modified = {2021-12-29 14:36:29 +0100},
	title = {Client\_1clientA@Qigong{-}KLC.log},
	year = {2021}}

@webpage{learnErlang,
	author = {Fred Hebert},
	date-modified = {2022-01-22 18:53:28 +0100},
	lastchecked = {01/2022},
	month = {01},
	title = {Learn You Some Erlang For Great Good},
	url = {https://learnyousomeerlang.com/},
	year = {2013}}
	
@webpage{geeksforgeeks,
	author = {Gaurav Miglani},
	date-modified = {2017-05-20},
	lastchecked = {01/2022},
	month = {01},
	title = {switch vs if else},
	url = {https://www.geeksforgeeks.org/switch-vs-else/},
	year = {2017}}

@misc{Klauck2021,
	author = {Christoph Klauck},
	file = {:/Users/krisschaaf/ownCloud/_AD_KLCK/Hausarbeit/AD_Aufgabe_HA.pdf:PDF},
	title = {AD\_Aufgabe\_HA},
	year = {2021}}

@misc{HBQlogging,
	author = {Christoph Klauck},
	title = {HB{-}DLQ@Qigong{-}KLC.log},
	year = {2021}}

@book{guting2018datenstrukturen,
	author = {G{\"u}ting, Ralf Hartmut and Dieker, Stefan},
	publisher = {Springer},
	title = {Datenstrukturen und Algorithmen},
	volume = {4},
	year = {2018}}
	
@misc{sortv,
	author = {Christoph Klauck},
	date-added = {2022-01-22 17:51:57 +0100},
	date-modified = {2022-01-22 17:52:27 +0100},
	keywords = {erlang},
	title = {sortv.erl}}

@unpublished{sortAlgo,
	author = {Leon Schwarzenberger; Kristoffer Schaaf},
	date-added = {2022-01-22 18:42:08 +0100},
	date-modified = {2022-01-22 18:43:51 +0100},
	month = {12},
	title = {Entwurf Praktikum 2, Algorithmen und Datenstrukturen},
	year = {2021}}

