%% This BibTeX bibliography file was created using BibDesk.
%% https://bibdesk.sourceforge.io/

%% Created for Kristoffer Schaaf at 2021-12-29 14:36:34 +0100 


%% Saved with string encoding Unicode (UTF-8) 


@comment{jabref-meta: databaseType:bibtex;}



@misc{HBQfehler,
	author = {Christoph Klauck},
	date-added = {2021-12-29 14:36:03 +0100},
	date-modified = {2021-12-29 14:36:29 +0100},
	title = {Client\_1clientA@Qigong{-}KLC.log},
	year = {2021}}

@article{learnErlang,
	author = {unknown},
	title = {learnyousomeErlang}}

@misc{Klauck2021,
	author = {Christoph Klauck},
	file = {:/Users/krisschaaf/ownCloud/_AD_KLCK/Hausarbeit/AD_Aufgabe_HA.pdf:PDF},
	title = {AD\_Aufgabe\_HA},
	year = {2021}}

@misc{HBQlogging,
	author = {Christoph Klauck},
	title = {HB{-}DLQ@Qigong{-}KLC.log},
	year = {2021}}

@book{guting2018datenstrukturen,
	author = {G{\"u}ting, Ralf Hartmut and Dieker, Stefan},
	publisher = {Springer},
	title = {Datenstrukturen und Algorithmen},
	volume = {4},
	year = {2018}}
